@preamble{ "\newcommand{\noopsort}[1]{} "
	# "\newcommand{\printfirst}[2]{#1} "
	# "\newcommand{\singleletter}[1]{#1} "
	# "\newcommand{\switchargs}[2]{#2#1} " }

@book{durbin1998,
  title= {Biological Sequence Analysis: Probabilistic Models of Proteins and Nucleic Acids},
  author = {Richard Durbin and Sean R. Eddy and Anders Krogh and Graeme Mitchison},
  year = {1998},
  publisher = {Cambridge University Press},
  journal = {Science}
}

@misc{RabatinBc2016,
  author = {Rastislav Rabatin},
  title = {Alignment of Nanopore Sequencing Reads},
  year = {2016},
  note= {bachelor thesis at Comenius University}
}

@article{cawley2003hmm,
  title={{HMM} sampling and applications to gene finding and alternative splicing},
  author={Cawley, Simon L and Pachter, Lior},
  journal={Bioinformatics},
  volume={19},
  number={suppl 2},
  pages={ii36--ii41},
  year={2003},
  publisher={Oxford Univ Press}
}

%
